@misc{ smartphone,
  title = {{\lt{Smartphone}}},
  author = "\lt{{W}ikipedia{,} The Free Encyclopedia}",
  url = "http://en.wikipedia.org/wiki/Smartphone",
  note = "[\lt Online· \gt τελευταία προσπέλαση 11-Αυγούστου-2013]"
}

@misc{ gps_wiki,
  title = {{\lt{Global Positioning System}}},
  author = "\lt{{W}ikipedia{,} The Free Encyclopedia}",
  url = "http://en.wikipedia.org/wiki/Global_Positioning_System",
  note = "[\lt Online· \gt τελευταία προσπέλαση 11-Αυγούστου-2013]"
}
@misc{ gps_dev,
  title = {{\lt{GPS navigation device}}},
  author = "\lt{{W}ikipedia{,} The Free Encyclopedia}",
  url = "http://en.wikipedia.org/wiki/GPS_navigation_device#Mobile_phones_with_GPS_capability",
  note = "[\lt Online· \gt τελευταία προσπέλαση 11-Αυγούστου-2013]"
}

@misc{ accelerometer,
  title = {{\lt{Accelerometer}}},
  author = "\lt{{W}ikipedia{,} The Free Encyclopedia}",
  url = "http://en.wikipedia.org/wiki/Accelerometer",
  note = "[\lt Online· \gt τελευταία προσπέλαση 11-Αυγούστου-2013]"
}

@misc{ magnetometer,
  title = {{\lt{Magnetometer}}},
  author = "\lt{{W}ikipedia{,} The Free Encyclopedia}",
  url = "http://en.wikipedia.org/wiki/Magnetometer",
  note = "[\lt Online· \gt τελευταία προσπέλαση 11-Αυγούστου-2013]"
}

@misc{ sensors,
  author = {{\lt{Hagen Höpfner}}},
  title = "\lt{Smartphone Hardware Sensors}",
  url = "http://www.uni-weimar.de/medien/wiki/images/Zeitmaschinen-smartphonesensors.pdf",
  note = "[\lt Online; \gt τελευταία προσπέλαση 11-Αυγούστου-2013]"
}

@misc{ android,
  title = {{\lt{Android(operating system)}}},
  author = "\lt{{W}ikipedia{,} The Free Encyclopedia}",
  url = "http://en.wikipedia.org/wiki/Android_(operating_system)",
  note = "[\lt Online· \gt τελευταία προσπέλαση 11-Αυγούστου-2013]"
}

@misc{ android_versions,
  title = {{\lt{Android Platform Versions Dashboard}}},
  author = "\lt{Developers Android}",
  url = "http://developer.android.com/about/dashboards/index.html",
  note = "[\lt Online· \gt τελευταία προσπέλαση 11-Αυγούστου-2013]"
}

@misc{ android_tools,
  title = {{\lt{Android Tools}}},
  author = "\lt{Developers Android}",
  url = "http://developer.android.com/tools",
  note = "[\lt Online· \gt τελευταία προσπέλαση 30-Αυγούστου-2013]"
}

@misc{ wekawithjava,
  author = {{\lt{The University of Waikato}}},
  title = "\lt{Use WEKA in your Java code}",
  url = "http://weka.wikispaces.com/Use+WEKA+in+your+Java+code",
  note = "[\lt Online· \gt τελευταία προσπέλαση 11-Αυγούστου-2013]"
}

@inproceedings{taintdroid,
 author = {\lt Enck,\lt William and Gilbert, Peter and Chun, Byung-Gon and Cox, Landon P. and Jung, Jaeyeon and McDaniel, Patrick and Sheth, Anmol N.},
 title = {\lt TaintDroid: an information-flow tracking system for realtime privacy monitoring on smartphones},
 booktitle = {\lt Proceedings of the 9th USENIX conference on Operating systems design and implementation},
 series = {\lt OSDI'10},
 year = {2010},
 location = {\lt Vancouver, BC, Canada},
 pages = {1--6},
 numpages = {6},
 acmid = {1924971},
 publisher = {\lt USENIX Association},
 address = {\lt Berkeley, CA, USA},
} 

@book{giannotti2008mobility,
  title = {\lt Mobility, data mining and privacy: Geographic knowledge discovery},
  author = {\lt Giannotti,\lt Gianni and Giannotti, Fosca and Pedreschi, Dino},
  year = {2008},
  publisher = {\lt Springer}
}

@INPROCEEDINGS{geovisualization,
    author = {\lt Mei-po Kwan and Jiyeong Lee and In Michael and F. Goodchild and Donald G. Janelle},
    title = {\lt Geovisualization of Human Activity Patterns Using 3D GIS: A Time-Geographic Approach},
    booktitle = {\lt Spatially Integrated Social Science},
    year = {2004},
    pages = {48--66},
    publisher = {\lt University Press}
}

@article{bin2012classification,
  title = {\lt Classification algorithms in human activity recognition using smartphones},
  author = {\lt bin Abdullah, \lt Mohd Fikri Azli and Negara, Ali Fahmi Perwira and Sayeed, Md Shohel and Choi, Deok-Jai and Muthu, Kalaiarasi Sonai},
  journal = {\lt Proceedings of World Academy of Science, Engineering and Technology},
  volume = {68},
  year = {2012},
  publisher = {\lt World Academy of Science, Engineering and Technology}
}

@article{Liao:2007,
 author = {\lt Liao, Lin and Fox, Dieter and Kautz, Henry},
 title = {\lt Extracting Places and Activities from GPS Traces Using Hierarchical Conditional Random Fields},
 journal = {\lt Int. J. Rob. Res.},
 issue_date = {\lt January   2007},
 volume = {26},
 year = {2007},
 issn = {0278-3649},
 pages = {119--134},
 numpages = {16},
 address = {\lt Thousand Oaks, CA, USA},
} 

@inproceedings{Giannotti:2010,
 author = {\lt Giannotti, Fosca and Nanni, Mirco and Pedreschi, Dino and Pinelli, Fabio and Renso, Chiara and Rinzivillo, Salvatore and Trasarti, Roberto},
 title = {\lt Mobility data mining: discovering movement patterns from trajectory data},
 booktitle = {\lt Proceedings of the Second International Workshop on Computational Transportation Science},
 series = {\lt IWCTS '10},
 year = {2010},
 isbn = {978-1-4503-0429-0},
 location = {\lt San Jose, California},
 pages = {7--10},
 numpages = {4},
 url = {http://doi.acm.org/10.1145/1899441.1899444},
 publisher = {\lt ACM},
} 

@article{marketos2009mobility,
  title={\lt Mobility Data Warehousing and Mining},
  author={\lt Marketos, Gerasimos and Theodoridis, Y},
  journal={\lt Proceedings of VLDB PhD Workshop},
  year={2009}
}

@inproceedings{SungFR12,
  author = {\lt Sung, Cynthia and Feldman, Dan and Rus, Daniela},
  booktitle = {IROS},
  isbn = {978-1-4673-1737-5},
  pages = {1547-1552},
  publisher = {IEEE},
  title = {\lt Trajectory clustering for motion prediction},
  year = 2012
}

@inproceedings{Lee:2007,
 author = {\lt Lee, Jae-Gil and Han, Jiawei and Whang, Kyu-Young},
 title = {\lt Trajectory clustering: a partition-and-group framework},
 booktitle = {\lt Proceedings of the 2007 ACM SIGMOD international conference on Management of data},
 series = {\lt SIGMOD '07},
 year = {2007},
 isbn = {978-1-59593-686-8},
 location = {\lt Beijing, China},
 pages = {593--604},
 numpages = {12},
 publisher = {\lt ACM},
} 

@book{vazirgiannis2005halkidi,
  title = {Εξόρυξη Γνώσης από Βάσεις Δεδομένων και τον Παγκόσμιο Ιστό},
  author = {Μιχάλης Βαζιργιάννης, Μαρία Χαλκίδη},
  year = {2005},
  publisher = {ΤΥΠΩΘΗΤΩ - Γιώργος Δαρδάνος}
}

@book{Giudici:2009,
 author = {\lt Giudici, Paolo and Figini, Silvia},
 title = {\lt Applied Data Mining for Business and Industry},
 year = {2009},
 isbn = {0470058862, 9780470058862},
 edition = {\lt 2nd},
 publisher = {\lt Wiley Publishing},
} 

@inbook {mobmining2010talia,
title = {\lt Mobile Data Mining on Small Devices through Web Services},
author = {\lt Talia, Domenico and Trunfio, Paolo},
publisher = {\lt John Wiley \& Sons, Inc.},
isbn = {9780470579398},
pages = {264--276},
booktitle = {\lt Mobile Intelligence},
year = {2010},
}

@article{Pittie:2003,
 author = {\lt Pittie, Sweta and Kargupta, Hillol and Park, Byung-Hoon},
 title = {\lt Dependency detection in MobiMine: a systems perspective},
 journal = {\lt Inf. Sci. Inf. Comput. Sci.},
 issue_date = {\lt 15 October 2003},
 volume = {155},
 number = {3-4},
 year = {2003},
 pages = {227--243},
 numpages = {17},
 publisher = {\lt Elsevier Science Inc.},
} 

@article{SteinbauerKK13,
   author = {\lt Matthias Steinbauer and Ismail Khalil and Gabriele Kotsis},
   title  = {\lt Reality Mining at the Convergence of Cloud Computing and Mobile Computing.},
   journal= {\lt ERCIM News},
   year   = {2013},
   ee     = {http://ercim-news.ercim.eu/en93/special/reality-mining-at-the-convergence-of-cloud-computing-and-mobile-computing},
}

@book{Burnette:2005,
 author = {\lt Burnette, Ed},
 title = {\lt Eclipse IDE Pocket Guide},
 year = {2005},
 isbn = {0596100655},
 publisher = {\lt O'Reilly Media, Inc.},
} 

@book{Cinar:2012,
 author = {\lt Cinar, Onur},
 title = {\lt Android Apps with Eclipse},
 year = {2012},
 isbn = {1430244348, 9781430244349},
 edition = {\lt 1st},
 publisher = {\lt Apress},
 address = {\lt Berkely, CA, USA},
}

@book{Lee:2011,
 author = {\lt Lee, Wei-Meng},
 title = {\lt Beginning Android Application Development},
 year = {2011},
 isbn = {1118017110, 9781118017111},
 edition = {\lt 1st},
 publisher = {\lt Wrox Press Ltd.},
 address = {\lt Birmingham, UK, UK},
}


